@article{Bedini_2013,
  doi = {10.1103/physreve.87.012142},
  url = {http://dx.doi.org/10.1103/PhysRevE.87.012142},
  year = {2013},
  month = {jan},
  publisher = {American Physical Society ({APS})},
  volume = {87},
  number = {1},
  author = {Andrea Bedini and Aleksander Owczarek and Thomas Prellberg},
  title = {{Weighting of topologically different interactions in a model of two-dimensional polymer collapse}},
  journal = {Physical Review E},
}
